<?xml version="1.0" encoding="UTF-8"?><collection xmlns="http://www.loc.gov/MARC21/slim"><record><leader>00484nam--2200193-i-4500</leader><controlfield tag="001">000035909</controlfield><controlfield tag="002">20161230</controlfield><controlfield tag="005">20161230201040</controlfield><controlfield tag="008">060222s1000------------r-----000-0-rum-d</controlfield><datafield ind1=" " ind2=" " tag="040"><subfield code="a">IFIN-HH</subfield></datafield><datafield ind1=" " ind2=" " tag="041"><subfield code="a">rum</subfield></datafield><datafield ind1=" " ind2=" " tag="080"><subfield code="a">519.21</subfield></datafield><datafield ind1="1" ind2=" " tag="100"><subfield code="a">Onicescu, Octav</subfield></datafield><datafield ind1="1" ind2="0" tag="245"><subfield code="a">Principiile teoriei probabilitatilor</subfield><subfield code="c">Octav Onicescu</subfield></datafield><datafield ind1=" " ind2=" " tag="260"><subfield code="a">Bucuresti, Ed.Acad.R.S.R., 1969</subfield></datafield><datafield ind1=" " ind2=" " tag="300"><subfield code="a">236 P</subfield></datafield><datafield ind1=" " ind2=" " tag="650"><subfield code="a">Probabilitati</subfield></datafield><datafield ind1=" " ind2=" " tag="852"><subfield code="a">31319</subfield><subfield code="c">519.2</subfield></datafield><datafield ind1=" " ind2=" " tag="CAT"><subfield code="a">Sys</subfield><subfield code="c">20100521</subfield><subfield code="h">123853</subfield></datafield></record></collection>